@misc{MattL:modulated_noise:2015,
  author={MattL},
  title={Spectral density of signal written as quadratures},
  howpublished={\url{http://dsp.stackexchange.com/questions/23535/spectral-density-of-signal-written-as-quadratures}},
}

