@misc{Sank:quantumMechanics,
  author={Daniel Sank},
  title={Quantum mechanics writeup}
}
