../Bibliography/references_main.bib