@article{Astafiev:singleShot2004,
  title={Single-shot measurement of the Josephson charge qubit},
  author={Astafiev, O and Pashkin, Yu A and Yamamoto, T and Nakamura, Y and Tsai, JS},
  journal={Physical Review B},
  volume={69},
  number={18},
  pages={180507},
  year={2004},
  publisher={APS}
}

@article{Barends:gates2014,
  title={Superconducting quantum circuits at the surface code threshold for fault tolerance},
  author={Barends, R and Kelly, J and Megrant, A and Veitia, A and Sank, D and Jeffrey, E and White, TC and Mutus, J and Fowler, AG and Campbell, B and others},
  journal={Nature},
  volume={508},
  number={7497},
  pages={500--503},
  year={2014},
  publisher={Nature Publishing Group}
}

@article{Barends:radiation2011,
  title={Minimizing quasiparticle generation from stray infrared light in superconducting quantum circuits},
  author={Barends, R and Wenner, J and Lenander, M and Chen, Y and Bialczak, RC and Kelly, J and Lucero, E and Oâ€™Malley, P and Mariantoni, M and Sank, D and others},
  journal={Applied Physics Letters},
  volume={99},
  number={11},
  pages={113507},
  year={2011},
  publisher={AIP Publishing}
}

@article{Barenco:gates1995,
  title = {Elementary gates for quantum computation},
  author = {Barenco, Adriano and Bennett, Charles H. and Cleve, Richard and DiVincenzo, David P. and Margolus, Norman and Shor, Peter and Sleator, Tycho and Smolin, John A. and Weinfurter, Harald},
  journal = {Phys. Rev. A},
  volume = {52},
  issue = {5},
  pages = {3457--3467},
  numpages = {0},
  year = {1995},
  month = {Nov},
  publisher = {American Physical Society},
  doi = {10.1103/PhysRevA.52.3457},
  url = {http://link.aps.org/doi/10.1103/PhysRevA.52.3457}
}


@article{Barends:XMon2013,
  title = {Coherent Josephson Qubit Suitable for Scalable Quantum Integrated Circuits},
  author = {Barends, R. and Kelly, J. and Megrant, A. and Sank, D. and Jeffrey, E. and Chen, Y. and Yin, Y. and Chiaro, B. and Mutus, J. and Neill, C. and O'Malley, P. and Roushan, P. and Wenner, J. and White, T. C. and Cleland, A. N. and Martinis, John M.},
  journal = {Phys. Rev. Lett.},
  volume = {111},
  issue = {8},
  pages = {080502},
  numpages = {5},
  year = {2013},
  month = {Aug},
  doi = {10.1103/PhysRevLett.111.080502},
  opturl = {http://link.aps.org/doi/10.1103/PhysRevLett.111.080502},
  publisher = {American Physical Society}
}

@article{Benhelm:towardFaultTolerance2008,
  title={Towards fault-tolerant quantum computing with trapped ions},
  author={Benhelm, Jan and Kirchmair, Gerhard and Roos, Christian F and Blatt, Rainer},
  journal={Nature Physics},
  volume={4},
  number={6},
  pages={463--466},
  year={2008},
  publisher={Nature Publishing Group}
}

@article{Blais:cQED2004,
  title={Cavity quantum electrodynamics for superconducting electrical circuits: An architecture for quantum computation},
  author={Blais, Alexandre and Huang, Ren-Shou and Wallraff, Andreas and Girvin, SM and Schoelkopf, R Jun},
  journal={Physical Review A},
  volume={69},
  number={6},
  pages={062320},
  year={2004},
  publisher={APS}
}

@article{Blatt:review2008,
  title={Entangled states of trapped atomic ions},
  author={Blatt, Rainer and Wineland, David},
  journal={Nature},
  volume={453},
  number={7198},
  pages={1008--1015},
  year={2008},
  publisher={Nature Publishing Group}
}

@article{Blok:feedback,
  title={Manipulating a qubit through the backaction of sequential partial measurements and real-time feedback},
  author={Blok, MS and Bonato, C and Markham, ML and Twitchen, DJ and Dobrovitski, VV and Hanson, R},
  journal={arXiv preprint arXiv:1311.2899},
  year={2013}
}

@article{Boixo:annealing100Qubits2013,
  title={Quantum annealing with more than one hundred qubits},
  author={Boixo, Sergio and R{\o}nnow, Troels F and Isakov, Sergei V and Wang, Zhihui and Wecker, David and Lidar, Daniel A and Martinis, John M and Troyer, Matthias},
  journal={arXiv preprint arXiv:1304.4595},
  year={2013}
}

@article{Buluta:simulation,
  title={Quantum simulators},
  author={Buluta, Iulia and Nori, Franco},
  journal={Science},
  volume={326},
  number={5949},
  pages={108--111},
  year={2009},
  publisher={American Association for the Advancement of Science}
}

@article{CampagneIbarcq:feedback,
  title = {Persistent Control of a Superconducting Qubit by Stroboscopic Measurement Feedback},
  author = {Campagne-Ibarcq, P. and Flurin, E. and Roch, N. and Darson, D. and Morfin, P. and Mirrahimi, M. and Devoret, M. H. and Mallet, F. and Huard, B.},
  journal = {Phys. Rev. X},
  volume = {3},
  issue = {2},
  pages = {021008},
  numpages = {7},
  year = {2013},
  month = {May},
  doi = {10.1103/PhysRevX.3.021008},
  OPTurl = {http://link.aps.org/doi/10.1103/PhysRevX.3.021008},
  publisher = {American Physical Society}
}

@article{Castellanos:paramp2007,
  title={Widely tunable parametric amplifier based on a superconducting quantum interference device array resonator},
  author={Castellanos-Beltran, MA and Lehnert, KW},
  journal={Applied Physics Letters},
  volume={91},
  number={8},
  pages={083509},
  year={2007},
  publisher={AIP Publishing}
}

@article{Caves:amplifiers1982,
  title={Quantum limits on noise in linear amplifiers},
  author={Caves, Carlton M},
  journal={Physical Review D},
  volume={26},
  number={8},
  pages={1817},
  year={1982},
  publisher={APS}
}

@article{Chen:readout2012,
  title={Multiplexed dispersive readout of superconducting phase qubits},
  author={Chen, Yu and Sank, D and O'Malley, P and White, T and Barends, R and Chiaro, B and Kelly, J and Lucero, E and Mariantoni, M and Megrant, A and others},
  journal={Applied Physics Letters},
  volume={101},
  number={18},
  pages={182601--182601},
  year={2012},
  publisher={AIP}
}

@article{Chen:airbridges,
   author = {{Chen}, Z. and {Megrant}, A. and {Kelly}, J. and {Barends}, R. and 
	{Bochmann}, J. and {Chen}, Y. and {Chiaro}, B. and {Dunsworth}, A. and 
	{Jeffrey}, E. and {Mutus}, J. and {O'Malley}, P. and {Neill}, C. and 
	{Roushan}, P. and {Sank}, D. and {Vainsencher}, A. and {Wenner}, J. and 
	{White}, T. and {Cleland}, A. and {Martinis}, J.},
    title = "{Fabrication and Characterization of Aluminum Airbridges for Superconducting Microwave Circuits}",
  journal = {ArXiv e-prints},
archivePrefix = "arXiv",
   eprint = {1310.2325},
 primaryClass = "cond-mat.mes-hall",
 keywords = {Condensed Matter - Mesoscale and Nanoscale Physics, Condensed Matter - Superconductivity},
     year = 2013,
    month = oct,
   adsurl = {http://adsabs.harvard.edu/abs/2013arXiv1310.2325C},
  adsnote = {Provided by the SAO/NASA Astrophysics Data System}
}


@article{Chow:strand2013,
   author = {{Chow}, J.~M. and {Gambetta}, J.~M. and {Magesan}, E. and {Srinivasan}, S.~J. and 
	{Cross}, A.~W. and {Abraham}, D.~W. and {Masluk}, N.~A. and 
	{Johnson}, B.~R. and {Ryan}, C.~A. and {Steffen}, M.},
    title = "{Implementing a strand of a scalable fault-tolerant quantum computing fabric}",
  journal = {ArXiv e-prints},
archivePrefix = "arXiv",
   eprint = {1311.6330},
 primaryClass = "quant-ph",
 keywords = {Quantum Physics, Condensed Matter - Mesoscale and Nanoscale Physics},
     year = 2013,
    month = nov,
   adsurl = {http://adsabs.harvard.edu/abs/2013arXiv1311.6330C},
  adsnote = {Provided by the SAO/NASA Astrophysics Data System}
}

@article{Chow:crossResonance2011,
  title = {Simple All-Microwave Entangling Gate for Fixed-Frequency Superconducting Qubits},
  author = {Chow, Jerry M. and C\'orcoles, A. D. and Gambetta, Jay M. and Rigetti, Chad and Johnson, B. R. and Smolin, John A. and Rozen, J. R. and Keefe, George A. and Rothwell, Mary B. and Ketchen, Mark B. and Steffen, M.},
  journal = {Phys. Rev. Lett.},
  volume = {107},
  issue = {8},
  pages = {080502},
  numpages = {5},
  year = {2011},
  month = {Aug},
  publisher = {American Physical Society},
  doi = {10.1103/PhysRevLett.107.080502},
  url = {http://link.aps.org/doi/10.1103/PhysRevLett.107.080502}
}

@article{Chow:jointReadout2010,
  title = {Detecting highly entangled states with a joint qubit readout},
  author = {Chow, J. M. and DiCarlo, L. and Gambetta, J. M. and Nunnenkamp, A. and Bishop, Lev S. and Frunzio, L. and Devoret, M. H. and Girvin, S. M. and Schoelkopf, R. J.},
  journal = {Phys. Rev. A},
  volume = {81},
  issue = {6},
  pages = {062325},
  numpages = {8},
  year = {2010},
  month = {Jun},
  doi = {10.1103/PhysRevA.81.062325},
  opturl = {http://link.aps.org/doi/10.1103/PhysRevA.81.062325},
  publisher = {American Physical Society}
}

@article{Cleland:surfaceCode2012,
  title = {Surface codes: Towards practical large-scale quantum computation},
  author = {Fowler, Austin G. and Mariantoni, Matteo and Martinis, John M. and Cleland, Andrew N.},
  journal = {Phys. Rev. A},
  volume = {86},
  issue = {3},
  pages = {032324},
  numpages = {48},
  year = {2012},
  month = {Sep},
  doi = {10.1103/PhysRevA.86.032324},
  opturl = {http://link.aps.org/doi/10.1103/PhysRevA.86.032324},
  publisher = {American Physical Society}
}

@article{DiCarlo:algorithms2009,
  title={Demonstration of two-qubit algorithms with a superconducting quantum processor},
  author={DiCarlo, L and Chow, JM and Gambetta, JM and Bishop, Lev S and Johnson, BR and Schuster, DI and Majer, J and Blais, A and Frunzio, L and Girvin, SM and others},
  journal={Nature},
  volume={460},
  number={7252},
  pages={240--244},
  year={2009},
  publisher={Nature Publishing Group}
}

@article{Esteve:dissipation1986,
  title = {Effect of an arbitrary dissipative circuit on the quantum energy levels and tunneling of a Josephson junction},
  author = {Esteve, Daniel and Devoret, Michel H. and Martinis, John M.},
  journal = {Phys. Rev. B},
  volume = {34},
  issue = {1},
  pages = {158--163},
  year = {1986},
  month = {Jul},
  doi = {10.1103/PhysRevB.34.158},
  opturl = {http://link.aps.org/doi/10.1103/PhysRevB.34.158},
  publisher = {American Physical Society}
}

@misc{Intel:earnings2013,
  author = {Intel Corporation},
  title = {Intel Earnings Release},
  year = {2014},
  url = {http://www.intc.com/results.cfm}
}

@article{Johnson:noise1928,
  title = {Thermal Agitation of Electricity in Conductors},
  author = {Johnson, J. B.},
  journal = {Phys. Rev.},
  volume = {32},
  issue = {1},
  pages = {97--109},
  numpages = {0},
  year = {1928},
  month = {Jul},
  publisher = {American Physical Society},
  doi = {10.1103/PhysRev.32.97},
  url = {http://link.aps.org/doi/10.1103/PhysRev.32.97}
}


@article{Johnson:heralding2012,
  title = {Heralded State Preparation in a Superconducting Qubit},
  author = {Johnson, J. E. and Macklin, C. and Slichter, D. H. and Vijay, R. and Weingarten, E. B. and Clarke, John and Siddiqi, I.},
  journal = {Phys. Rev. Lett.},
  volume = {109},
  issue = {5},
  pages = {050506},
  numpages = {5},
  year = {2012},
  month = {Aug},
  doi = {10.1103/PhysRevLett.109.050506},
  opturl = {http://link.aps.org/doi/10.1103/PhysRevLett.109.050506},
  publisher = {American Physical Society}
}

@article{Josephson:junction1962,
  title = {Possible New Effects in Superconductive Tunnelling},
  author = {B. D. Josephson},
  journal = {Physics Letters},
  volume = {1},
  issue = {7},
  pages = {251--253},
  numpages = {3},
  year = {1962},
  month = {Jul},
  doi = {10.1016/0031-9163(62)91369-0}
}

@article{Kastner:singleElectronTransistor1992,
  title = {The single-electron transistor},
  author = {Kastner, M. A.},
  journal = {Rev. Mod. Phys.},
  volume = {64},
  issue = {3},
  pages = {849--858},
  numpages = {0},
  year = {1992},
  month = {Jul},
  publisher = {American Physical Society},
  doi = {10.1103/RevModPhys.64.849},
  url = {http://link.aps.org/doi/10.1103/RevModPhys.64.849}
}

@article{Koch:transmon2007,
  title = {Charge-insensitive qubit design derived from the Cooper pair box},
  author = {Koch, Jens and Yu, Terri M. and Gambetta, Jay and Houck, A. A. and Schuster, D. I. and Majer, J. and Blais, Alexandre and Devoret, M. H. and Girvin, S. M. and Schoelkopf, R. J.},
  journal = {Phys. Rev. A},
  volume = {76},
  issue = {4},
  pages = {042319},
  numpages = {19},
  year = {2007},
  month = {Oct},
  doi = {10.1103/PhysRevA.76.042319},
  opturl = {http://link.aps.org/doi/10.1103/PhysRevA.76.042319},
  publisher = {American Physical Society}
}

@book{Lenstra:sieve1993,
  editor = {Arjen K. Lenstra and Hendrik W. Lenstra Jr.}, 
  title = {The development of the number field sieve},
  booktitle = {The development of the number field sieve},
  publisher = {Springer Berlin},
  address = {Heidelberg},
  year = 1993
}

@article{Majer:bus2007,
  title={Coupling superconducting qubits via a cavity bus},
  author={Majer, J and Chow, JM and Gambetta, JM and Koch, Jens and Johnson, BR and Schreier, JA and Frunzio, L and Schuster, DI and Houck, AA and Wallraff, Andreas and others},
  journal={Nature},
  volume={449},
  number={7161},
  pages={443--447},
  year={2007},
  publisher={Nature Publishing Group}
}

@article{Makhlin:quantumStateEngineering,
  title = {Quantum-state engineering with Josephson-junction devices},
  author = {Makhlin, Yuriy and Sch\"on, Gerd and Shnirman, Alexander},
  journal = {Rev. Mod. Phys.},
  volume = {73},
  issue = {2},
  pages = {357--400},
  year = {2001},
  month = {May},
  doi = {10.1103/RevModPhys.73.357},
  opturl = {http://link.aps.org/doi/10.1103/RevModPhys.73.357},
  publisher = {American Physical Society}
}

@article{Mallet:singleShot2009,
  title={Single-shot qubit readout in circuit quantum electrodynamics},
  author={Mallet, Fran{\c{c}}ois and Ong, Florian R and Palacios-Laloy, Agustin and Nguyen, Francois and Bertet, Patrice and Vion, Denis and Esteve, Daniel},
  journal={Nature Physics},
  volume={5},
  number={11},
  pages={791--795},
  year={2009},
  publisher={Nature Publishing Group}
}

@article{Martinis:rabi2002,
  title={Rabi oscillations in a large Josephson-junction qubit},
  author={Martinis, John M and Nam, S and Aumentado, J and Urbina, C},
  journal={Physical Review Letters},
  volume={89},
  number={11},
  pages={117901},
  year={2002},
  publisher={APS}
}

@PhdThesis{Mazin:thesis2004,
  title={Microwave Kinetic Inductance Detectors},
  author={B. A. Mazin},
  school={California Institute of Technology},
  month={Aug},
  year={2004},
}

@article{Megrant:highQ2012,
  title={Planar superconducting resonators with internal quality factors above one million},
  author={Megrant, A and Neill, C and Barends, R and Chiaro, B and Chen, Yu and Feigl, L and Kelly, J and Lucero, Erik and Mariantoni, Matteo and OMalley, PJJ and others},
  journal={Applied Physics Letters},
  volume={100},
  number={11},
  pages={113510--113510},
  year={2012},
  publisher={AIP}
}

@article{Mooij:fluxQubit1999,
  title={Josephson persistent-current qubit},
  author={Mooij, JE and Orlando, TP and Levitov, L and Tian, Lin and Van der Wal, Caspar H and Lloyd, Seth},
  journal={Science},
  volume={285},
  number={5430},
  pages={1036--1039},
  year={1999},
  publisher={American Association for the Advancement of Science}
}

@article{Murch:trajectories2013,
  title={Observing single quantum trajectories of a superconducting quantum bit},
  author={Murch, KW and Weber, SJ and Macklin, C and Siddiqi, I},
  journal={Nature},
  volume={502},
  number={7470},
  pages={211--214},
  year={2013},
  publisher={Nature Publishing Group}
}

@article{Mutus:paramp2013,
  title={Design and characterization of a lumped element single-ended superconducting microwave parametric amplifier with on-chip flux bias line},
  author={Mutus, JY and White, TC and Jeffrey, E and Sank, Daniel and Barends, Rami and Bochmann, Joerg and Chen, Yu and Chen, Zijun and Chiaro, Ben and Dunsworth, Andrew and others},
  journal={Applied Physics Letters},
  volume={103},
  number={12},
  pages={122602},
  year={2013},
  publisher={AIP Publishing}
}

@article{Mutus:IMPA2014,
  title={Strong Environmental Coupling in a Josephson Parametric Amplifier},
  author = {Mutus, J. Y. and White, T. C. and Barends, R. and Chen, Y. and Chen, Z. and , Chiaro, B. and Dunsworth, A. and Jeffrey, E. Kelly, J. and Megrant, A. and Neill, C. and O'Malley, P. J. J. and Roushan, P. and Sank, D. and Vainsencher, A. and Wenner, J. and Sundqvist, K. M. and Cleland, A. N. and Martinis, John M.},
  journal={Applied Physics Letters},
  volume={104},
  number={263513},
  year={2014},
  publisher={AIP} 
}

@article{Nakamura:qubit1999,
  title={Coherent control of macroscopic quantum states in a single-Cooper-pair box},
  author={Nakamura, Yu and Pashkin, Yu A and Tsai, JS},
  journal={Nature},
  volume={398},
  number={6730},
  pages={786--788},
  year={1999},
  publisher={Nature Publishing Group}
}

@article{Nakamura:qubit2002,
  title={Coherent manipulations of charge-number states in a Cooper-pair box},
  author={Nakamura, Y and Pashkin, Yu A and Yamamoto, T and Tsai, JS},
  journal={Physica Scripta},
  volume={2002},
  number={T102},
  pages={155},
  year={2002},
  publisher={IOP Publishing}
}

@article{Nielsen:clusterState,
  title={Cluster-state quantum computation},
  author={Nielsen, Michael A},
  journal={Reports on Mathematical Physics},
  volume={57},
  number={1},
  pages={147--161},
  year={2006},
  publisher={Elsevier}
}

@article{Nyquist:noise1928,
  title={Thermal agitation of electric charge in conductors},
  author={Nyquist, Harry},
  journal={Physical review},
  volume={32},
  number={1},
  pages={110--113},
  year={1928}
}

@article{OConnell:microwaveLoss2008,
  title={Microwave dielectric loss at single photon energies and millikelvin temperatures},
  author={Oâ€™Connell, Aaron D and Ansmann, M and Bialczak, Radoslaw C and Hofheinz, Max and Katz, Nadav and Lucero, Erik and McKenney, C and Neeley, Matthew and Wang, Haohua and Weig, Eva M and others},
  journal={Applied Physics Letters},
  volume={92},
  number={11},
  pages={112903},
  year={2008},
  publisher={AIP Publishing}
}

@article{Orlando:fluxQubits2002,
  title={Flux-based superconducting qubits for quantum computation},
  author={Orlando, TP and Lloyd, S and Levitov, LS and Berggren, KK and Feldman, MJ and Bocko, MF and Mooij, JE and Harmans, CJP and Van der Wal, CH},
  journal={Physica C: Superconductivity},
  volume={372},
  pages={194--200},
  year={2002},
  publisher={Elsevier}
}

@book{Pozar:microwaveEngineering2009,
  title={Microwave engineering},
  author={Pozar, David M},
  year={2009},
  publisher={John Wiley \& Sons}
}

@article{Purcell:effect,
  title = {Proceedings of the American Physical Society},
  journal = {Phys. Rev.},
  volume = {69},
  issue = {11-12},
  pages = {674--674},
  year = {1946},
  month = {Jun},
  doi = {10.1103/PhysRev.69.674.2},
  OPTurl = {http://link.aps.org/doi/10.1103/PhysRev.69.674.2},
  publisher = {American Physical Society}
}

@article{Reed:errorCorrection2012,
  title={Realization of three-qubit quantum error correction with superconducting circuits},
  author={Reed, MD and DiCarlo, L and Nigg, SE and Sun, L and Frunzio, L and Girvin, SM and Schoelkopf, RJ},
  journal={Nature},
  volume={482},
  number={7385},
  pages={382--385},
  year={2012},
  publisher={Nature Publishing Group}
}

@article{Reed:filter2010,
  title={Fast reset and suppressing spontaneous emission of a superconducting qubit},
  author={Reed, MD and Johnson, BR and Houck, AA and DiCarlo, L and Chow, JM and Schuster, DI and Frunzio, L and Schoelkopf, RJ},
  journal={App. Phys. Lett.},
  volume={96},
  number={20},
  pages={203110--203110},
  year={2010},
  publisher={AIP}
}

@article{Roussendorf:surfaceCode2007,
  title = {Fault-Tolerant Quantum Computation with High Threshold in Two Dimensions},
  author = {Raussendorf, Robert and Harrington, Jim},
  journal = {Phys. Rev. Lett.},
  volume = {98},
  issue = {19},
  pages = {190504},
  numpages = {4},
  year = {2007},
  month = {May},
  doi = {10.1103/PhysRevLett.98.190504},
  OPTurl = {http://link.aps.org/doi/10.1103/PhysRevLett.98.190504},
  publisher = {American Physical Society}
}

@misc{Sank:demodulated_noise_stack_exchange,
  title={What is the conenction between analog signal to noise ratio and signal to noise ratio in the IQ plane in a quadrature demodulation system?},
  author={Daniel Sank (\url{http://dsp.stackexchange.com/users/7361/danielsank})},
  howpublished={\url{https://dsp.stackexchange.com/q/24372/7361}},
}

@article{Schoukens:DFTNoise1986,
  title={Modeling the noise influence on the Fourier coefficients after a discrete Fourier transform},
  author={Schoukens, Joannes and Renneboog, J},
  journal={IEEE Trans. Instrum. Meas},
  volume={35},
  number={3},
  pages={278--286},
  year={1986}
}

@article{Schuster:acStarkDephasing2005,
  title = {ac Stark Shift and Dephasing of a Superconducting Qubit Strongly Coupled to a Cavity Field},
  author = {Schuster, D. I. and Wallraff, A. and Blais, A. and Frunzio, L. and Huang, R.-S. and Majer, J. and Girvin, S. M. and Schoelkopf, R. J.},
  journal = {Phys. Rev. Lett.},
  volume = {94},
  issue = {12},
  pages = {123602},
  numpages = {4},
  year = {2005},
  month = {Mar},
  doi = {10.1103/PhysRevLett.94.123602},
  OPTurl = {http://link.aps.org/doi/10.1103/PhysRevLett.94.123602},
  publisher = {American Physical Society}
}

@inproceedings{Shor:algorithm1994,
  title={Algorithms for quantum computation: discrete logarithms and factoring},
  author={Shor, Peter W},
  booktitle={Foundations of Computer Science, 1994 Proceedings., 35th Annual Symposium on},
  pages={124--134},
  year={1994},
  organization={IEEE}
}

@article{Slichter:dressedDephasing2012,
  title = {Measurement-Induced Qubit State Mixing in Circuit QED from Up-Converted Dephasing Noise},
  author = {Slichter, D. H. and Vijay, R. and Weber, S. J. and Boutin, S. and Boissonneault, M. and Gambetta, J. M. and Blais, A. and Siddiqi, I.},
  journal = {Phys. Rev. Lett.},
  volume = {109},
  issue = {15},
  pages = {153601},
  numpages = {5},
  year = {2012},
  month = {Oct},
  doi = {10.1103/PhysRevLett.109.153601},
  opturl = {http://link.aps.org/doi/10.1103/PhysRevLett.109.153601},
  publisher = {American Physical Society}
}

@article{Sorensen:ions1999,
  title = {Quantum Computation with Ions in Thermal Motion},
  author = {S\o{}rensen, Anders and M\o{}lmer, Klaus},
  journal = {Phys. Rev. Lett.},
  volume = {82},
  issue = {9},
  pages = {1971--1974},
  numpages = {0},
  year = {1999},
  month = {Mar},
  publisher = {American Physical Society},
  doi = {10.1103/PhysRevLett.82.1971},
  url = {http://link.aps.org/doi/10.1103/PhysRevLett.82.1971}
}

@article{Steffen:teleportation,
  title={Deterministic quantum teleportation with feed-forward in a solid state system},
  author={Steffen, Lars and Salathe, Yves and Oppliger, Markus and Kurpiers, Philipp and Baur, Matthias and Lang, Christian and Eichler, Christopher and Puebla-Hellmann, Gabriel and Fedorov, Arkady and Wallraff, Andreas},
  journal={Nature},
  volume={500},
  number={7462},
  pages={319--322},
  year={2013},
  publisher={Nature Publishing Group}
}

@article{VanderWal:persistentCurrent2000,
  title={Quantum superposition of macroscopic persistent-current states},
  author={Van der Wal, Caspar H and Ter Haar, ACJ and Wilhelm, FK and Schouten, RN and Harmans, CJPM and Orlando, TP and Lloyd, Seth and Mooij, JE},
  journal={Science},
  volume={290},
  number={5492},
  pages={773--777},
  year={2000},
  publisher={American Association for the Advancement of Science}
}

@article{Vion:quantronium2002,
  title={Manipulating the quantum state of an electrical circuit},
  author={Vion, D and Aassime, A and Cottet, A and Joyez, Pl and Pothier, H and Urbina, C and Esteve, D and Devoret, Michel H},
  journal={Science},
  volume={296},
  number={5569},
  pages={886--889},
  year={2002},
  publisher={American Association for the Advancement of Science}
}

@article{Vijay:stabilization2012,
  title={Stabilizing Rabi oscillations in a superconducting qubit using quantum feedback},
  author={Vijay, R and Macklin, Chris and Slichter, DH and Weber, SJ and Murch, KW and Naik, R and Korotkov, Alexander N and Siddiqi, I},
  journal={Nature},
  volume={490},
  number={7418},
  pages={77--80},
  year={2012},
  publisher={Nature Publishing Group}
}

@article{Vijay:quantumJumps,
  title = {Observation of Quantum Jumps in a Superconducting Artificial Atom},
  author = {Vijay, R. and Slichter, D. H. and Siddiqi, I.},
  journal = {Phys. Rev. Lett.},
  volume = {106},
  issue = {11},
  pages = {110502},
  numpages = {4},
  year = {2011},
  month = {Mar},
  doi = {10.1103/PhysRevLett.106.110502},
  opturl = {http://link.aps.org/doi/10.1103/PhysRevLett.106.110502},
  publisher = {American Physical Society}
}

@article {Vool:quantumCircuits,
  author = {Vool, Uri and Devoret, Michel},
  title = {Introduction to quantum electromagnetic circuits},
  journal = {International Journal of Circuit Theory and Applications},
  volume = {45},
  number = {7},
  issn = {1097-007X},
  url = {http://dx.doi.org/10.1002/cta.2359},
  doi = {10.1002/cta.2359},
  pages = {897--934},
  keywords = {quantum information, open quantum systems, superconducting qubits, quantum circuits, Josephson junctions, fluctuationâ€“dissipation theorem},
  year = {2017},
  note = {cta.2359},
}

@article{Wallraff:2004,
  title={Strong coupling of a single photon to a superconducting qubit using circuit quantum electrodynamics},
  author={Wallraff, Andreas and Schuster, David I and Blais, Alexandre and Frunzio, L and Huang, R-S and Majer, J and Kumar, S and Girvin, Steven M and Schoelkopf, Robert J},
  journal={Nature},
  volume={431},
  number={7005},
  pages={162--167},
  year={2004},
  publisher={Nature Publishing Group}
}

@article{Wallraff:unitVisibility2005,
  title={Approaching unit visibility for control of a superconducting qubit with dispersive readout},
  author={Wallraff, A and Schuster, DI and Blais, A and Frunzio, L and Majer, J and Devoret, MH and Girvin, SM and Schoelkopf, RJ},
  journal={Physical review letters},
  volume={95},
  number={6},
  pages={060501},
  year={2005},
  publisher={APS}
}

@misc{White:IMPA,
  author={White, T. C. and Mutus, J. and Barends, R. and Kelly, J. and Megrant, A. and Sank, D. and Jeffrey, E. and Chen, Y. and Chiaro, B. and Neill, C. and O'Malley, P. and Roushan, P. and Wenner, J. and Cleland, A. N. and Martinis, John M.},
  howpublished={in preparation}
}

@misc{Yamamoto:private,
  author={Yamamoto, Tsuyoshi},
  howpublished={Private communication}
}

@article{Yan:fluxNoise2012,
  title = {Spectroscopy of low-frequency noise and its temperature dependence in a superconducting qubit},
  author = {Yan, Fei and Bylander, Jonas and Gustavsson, Simon and Yoshihara, Fumiki and Harrabi, Khalil and Cory, David G. and Orlando, Terry P. and Nakamura, Yasunobu and Tsai, Jaw-Shen and Oliver, William D.},
  journal = {Phys. Rev. B},
  volume = {85},
  issue = {17},
  pages = {174521},
  numpages = {10},
  year = {2012},
  month = {May},
  publisher = {American Physical Society},
  doi = {10.1103/PhysRevB.85.174521},
  url = {https://link.aps.org/doi/10.1103/PhysRevB.85.174521}
}

@article{Yates:fastMKID,
  title={Fast Fourier transform spectrometer readout for large arrays of microwave kinetic inductance detectors},
  author={Yates, SJC and Baryshev, AM and Baselmans, JJA and Klein, B and Gusten, R},
  journal={Applied Physics Letters},
  volume={95},
  number={4},
  pages={042504--042504},
  year={2009},
  publisher={AIP}
}

@article{Yao:ClusterState,
  title={Experimental demonstration of topological error correction},
  author={Yao, Xing-Can and Wang, Tian-Xiong and Chen, Hao-Ze and Gao, Wei-Bo and Fowler, Austin G and Raussendorf, Robert and Chen, Zeng-Bing and Liu, Nai-Le and Lu, Chao-Yang and Deng, You-Jin and others},
  journal={Nature},
  volume={482},
  number={7386},
  pages={489--494},
  year={2012},
  publisher={Nature Publishing Group}
}

@article{Yurke:squeezingTheory1987,
  title={Squeezed-state generation using a Josephson parametric amplifier},
  author={Yurke, B},
  journal={JOSA B},
  volume={4},
  number={10},
  pages={1551--1557},
  year={1987},
  publisher={Optical Society of America}
}

@article{Yurke:paramp1996,
  title={A low-noise series-array Josephson junction parametric amplifier},
  author={Yurke, B and Roukes, ML and Movshovich, R and Pargellis, AN},
  journal={Applied physics letters},
  volume={69},
  number={20},
  pages={3078--3080},
  year={1996},
  publisher={AIP Publishing}
}

@article{Movshovich:squeezing1990,
  title={Observation of zero-point noise squeezing via a Josephson-parametric amplifier},
  author={Movshovich, R and Yurke, B and Kaminsky, PG and Smith, AD and Silver, AH and Simon, RW and Schneider, MV},
  journal={Physical review letters},
  volume={65},
  number={12},
  pages={1419},
  year={1990},
  publisher={APS}
}

@Misc{_supplementary,
  note = {Supplementary information}
}
