@misc{Sank:loadedMode,
  author = {Sank, Daniel},
  title = {Loaded mode writeup}
}

@misc{Sank:quantumOscillator,
  author = {Daniel Sank},
  title = {Quantum oscillator writeup}
}

@misc{Sank:quantumMechanics,
  author = {Daniel Sank},
  title = {Quantum mechanics writeup}
}

@misc{Sank:IQMixer,
  author = {Daniel Sank},
  title = {IQ Mixer writeup}
}

@misc{Sank:qubitTheory,
  author = {Daniel Sank},
  title = {Qubit theory writeup}
}

@misc{Sank:whiteNoiseDFT,
  author = {Daniel Sank},
  title = {White noise DFT writeup}
}
